@book{Hicks65,
  author = {N.J. Hicks},
  title = {notes on Differential Geometry},
  publisher = {Van Nostrand Mathematical Studies},
  address={Princeton, NJ},
  year = {1965}
}

@book{Spivak99,
  author = {M. Spivak},
  title = {A comprehensive introduction to Differential Geometry},
  publisher = {Publish or Perish Inc.},
  address={Houston, TX},
  year = {1999}
}

